<?xml version="1.0" encoding="UTF-8"?>
<SOAP-ENV:Envelope xmlns:SOAP-ENV="http://schemas.xmlsoap.org/soap/envelope/" xmlns:ns1="http://oss.dbc.dk/ns/openformat" xmlns:os="http://oss.dbc.dk/ns/opensearch" xmlns:dc="http://purl.org/dc/elements/1.1/" xmlns:dkabm="http://biblstandard.dk/abm/namespace/dkabm/" xmlns:ISO639-2="http://lcweb.loc.gov/standards/iso639-2/" xmlns:dcmitype="http://purl.org/dc/dcmitype/" xmlns:dcterms="http://purl.org/dc/terms/" xmlns:ac="http://biblstandard.dk/ac/namespace/" xmlns:dkdcplus="http://biblstandard.dk/abm/namespace/dkdcplus/" xmlns:oss="http://oss.dbc.dk/ns/osstypes" xmlns:marcx="info:lc/xmlns/marcxchange-v1" xmlns:xsi="http://www.w3.org/2001/XMLSchema-instance">
  <SOAP-ENV:Body>
    <ns1:formatRequest>
      <ns1:originalData>
        <os:collection>
          <os:resultPosition>1</os:resultPosition>
          <os:numberOfObjects>1</os:numberOfObjects>
          <os:object>
            <dkabm:record>
              <ac:identifier>71942031|870971</ac:identifier>
              <ac:source>Artikler</ac:source>
              <dc:title>Breve fra Afrika</dc:title>
              <dc:title xsi:type="dkdcplus:full">Breve fra Afrika</dc:title>
              <dc:creator>Kajsa Harryson</dc:creator>
              <dc:creator xsi:type="oss:sort">Harryson, Kajsa</dc:creator>
              <dc:subject xsi:type="dkdcplus:DK5">99.4 Blixen, Karen</dc:subject>
              <dc:subject xsi:type="dkdcplus:DK5-Text">Biografier af enkelte personer</dc:subject>
              <dc:subject xsi:type="dkdcplus:DBCF">Bror von Blixen-Finecke</dc:subject>
              <dc:subject xsi:type="oss:sort">Blixen-Finecke, Bror von</dc:subject>
              <dc:subject xsi:type="dkdcplus:DBCF">Karen Blixen</dc:subject>
              <dc:subject xsi:type="oss:sort">Blixen, Karen</dc:subject>
              <dc:subject>biografier</dc:subject>
              <dc:subject xsi:type="dkdcplus:genre">nonfiktion</dc:subject>
              <dcterms:abstract>Om Bror Blixen, den ægtemand, som Karen Blixen absolut ikke ville skilles fra</dcterms:abstract>
              <dcterms:audience>voksenmaterialer</dcterms:audience>
              <dc:date>1986</dc:date>
              <dc:type xsi:type="dkdcplus:BibDK-Type">Avisartikel</dc:type>
              <dc:language xsi:type="dcterms:ISO639-2">dan</dc:language>
              <dc:language>Dansk</dc:language>
              <dcterms:isPartOf>Politiken, 1986-05-06</dcterms:isPartOf>
              <dcterms:isPartOf xsi:type="dkdcplus:ISSN">0907-1814</dcterms:isPartOf>
            </dkabm:record>
            <marcx:collection>
              <marcx:record format="danMARC2" type="Bibliographic">
                <marcx:leader>000000000000000000000000</marcx:leader>
                <marcx:datafield tag="001" ind1="0" ind2="0">
                  <marcx:subfield code="a">71942031</marcx:subfield>
                  <marcx:subfield code="b">870971</marcx:subfield>
                  <marcx:subfield code="c">20030704120742</marcx:subfield>
                  <marcx:subfield code="d">19860526</marcx:subfield>
                  <marcx:subfield code="f">a</marcx:subfield>
                </marcx:datafield>
                <marcx:datafield tag="004" ind1="0" ind2="0">
                  <marcx:subfield code="r">n</marcx:subfield>
                  <marcx:subfield code="a">i</marcx:subfield>
                </marcx:datafield>
                <marcx:datafield tag="008" ind1="0" ind2="0">
                  <marcx:subfield code="t">a</marcx:subfield>
                  <marcx:subfield code="u">f</marcx:subfield>
                  <marcx:subfield code="a">1986</marcx:subfield>
                  <marcx:subfield code="b">dk</marcx:subfield>
                  <marcx:subfield code="l">dan</marcx:subfield>
                  <marcx:subfield code="r">an</marcx:subfield>
                  <marcx:subfield code="v">0</marcx:subfield>
                </marcx:datafield>
                <marcx:datafield tag="009" ind1="0" ind2="0">
                  <marcx:subfield code="a">a</marcx:subfield>
                  <marcx:subfield code="g">xx</marcx:subfield>
                </marcx:datafield>
                <marcx:datafield tag="016" ind1="0" ind2="0">
                  <marcx:subfield code="a">03243850</marcx:subfield>
                </marcx:datafield>
                <marcx:datafield tag="032" ind1="0" ind2="0">
                  <marcx:subfield code="a">ABU200327</marcx:subfield>
                  <marcx:subfield code="a">DAR198605</marcx:subfield>
                </marcx:datafield>
                <marcx:datafield tag="086" ind1="0" ind2="0">
                  <marcx:subfield code="a">Biografier af enkelte personer</marcx:subfield>
                </marcx:datafield>
                <marcx:datafield tag="245" ind1="0" ind2="0">
                  <marcx:subfield code="a">Breve fra Afrika</marcx:subfield>
                </marcx:datafield>
                <marcx:datafield tag="504" ind1="0" ind2="0">
                  <marcx:subfield code="a">Om Bror Blixen, den ægtemand, som Karen Blixen absolut ikke ville skilles fra</marcx:subfield>
                </marcx:datafield>
                <marcx:datafield tag="557" ind1="0" ind2="0">
                  <marcx:subfield code="a">Politiken</marcx:subfield>
                  <marcx:subfield code="j">1986</marcx:subfield>
                  <marcx:subfield code="z">0907-1814</marcx:subfield>
                  <marcx:subfield code="V">1986-05-06</marcx:subfield>
                  <marcx:subfield code="v">1986-05-06</marcx:subfield>
                </marcx:datafield>
                <marcx:datafield tag="600" ind1="0" ind2="0">
                  <marcx:subfield code="a">Blixen</marcx:subfield>
                  <marcx:subfield code="h">Karen</marcx:subfield>
                  <marcx:subfield code="2">ARTB</marcx:subfield>
                </marcx:datafield>
                <marcx:datafield tag="600" ind1="0" ind2="0">
                  <marcx:subfield code="a">Blixen-Finecke</marcx:subfield>
                  <marcx:subfield code="h">Bror von</marcx:subfield>
                </marcx:datafield>
                <marcx:datafield tag="630" ind1="0" ind2="0">
                  <marcx:subfield code="f">biografier</marcx:subfield>
                  <marcx:subfield code="2">ARTB</marcx:subfield>
                </marcx:datafield>
                <marcx:datafield tag="652" ind1="0" ind2="0">
                  <marcx:subfield code="m">99.4</marcx:subfield>
                  <marcx:subfield code="a">Blixen</marcx:subfield>
                  <marcx:subfield code="h">Karen</marcx:subfield>
                </marcx:datafield>
                <marcx:datafield tag="700" ind1="0" ind2="0">
                  <marcx:subfield code="a">Harryson</marcx:subfield>
                  <marcx:subfield code="h">Kajsa</marcx:subfield>
                </marcx:datafield>
                <marcx:datafield tag="996" ind1="0" ind2="0">
                  <marcx:subfield code="a">IDX</marcx:subfield>
                </marcx:datafield>
              </marcx:record>
            </marcx:collection>
            <oss:openurl>_BASEURL_url_ctx_fmt=info:ofi/fmt:kev:mtx:ctx&amp;ctx_ver=Z39.88-2004&amp;rft_val_fmt=info:ofi/fmt:kev:mtx:journal&amp;rft.atitle=Breve+fra+Afrika&amp;rft.aulast=Harryson&amp;rft.aufirst=Kajsa&amp;rft.auinit=K&amp;rft.jtitle=Politiken&amp;rft.date=1986&amp;rft.pages=&amp;rft.spage=&amp;rft.epage=&amp;rft.issn=0907-1814&amp;rft.genre=article</oss:openurl>
<os:identifier>870971-basis:71942031</os:identifier>
<os:creationDate>1980-03-07</os:creationDate>
<os:holdingsCount>0</os:holdingsCount>
<os:lendingLibraries>0</os:lendingLibraries>
            <os:formatsAvailable>
              <os:format>dkabm</os:format>
            </os:formatsAvailable>
          </os:object>
        </os:collection>
      </ns1:originalData>
      <ns1:outputFormat>fullDisplay</ns1:outputFormat>
    </ns1:formatRequest>
  </SOAP-ENV:Body>
</SOAP-ENV:Envelope>
